<?xml version="1.0" encoding="UTF-8"?><collection xmlns="http://www.loc.gov/MARC21/slim"><record><leader>00481nam--2200169-i-4500</leader><controlfield tag="001">000013683</controlfield><controlfield tag="002">20161230</controlfield><controlfield tag="005">20161230201030</controlfield><controlfield tag="008">060222s1000------------r-----000-0-eng-d</controlfield><datafield ind1=" " ind2=" " tag="040"><subfield code="a">IFIN-HH</subfield></datafield><datafield ind1=" " ind2=" " tag="080"><subfield code="a">519.63</subfield></datafield><datafield ind1="1" ind2=" " tag="100"><subfield code="a">Meis, T</subfield></datafield><datafield ind1="1" ind2="0" tag="245"><subfield code="a">Numerical solution of partial differential equations</subfield><subfield code="c">T. Meis; U. Marcowitz</subfield></datafield><datafield ind1=" " ind2=" " tag="260"><subfield code="a">New York, Springer-verlag, 1980</subfield></datafield><datafield ind1=" " ind2=" " tag="490"><subfield code="a">Applied Mathematical Science</subfield><subfield code="v">vol. 32</subfield></datafield><datafield ind1=" " ind2=" " tag="852"><subfield code="a">49142</subfield><subfield code="c">518.2</subfield></datafield><datafield ind1=" " ind2=" " tag="CAT"><subfield code="a">Sys</subfield><subfield code="c">20100511</subfield><subfield code="h">122626</subfield></datafield></record></collection>